@book{Atz23,
  author    = {Atzeni, P. and others},
  title     = {Basi di dati},
  year      = {2023},
  publisher = {McGraw-Hill}
}

@article{Ayr18,
  author    = {Ayres{-}de{-}Campos, D.},
  title     = {Electronic fetal monitoring or cardiotocography, 50 years later: what's in a name?},
  journal   = {American Journal of Obstetrics \& Gynecology},
  volume    = {218},
  number    = {6},
  year      = {2018},
  pages     = {545--546}
}

@article{Cah18,
  author    = {Cahill, A.G. and others},
  title     = {A prospective cohort study of fetal heart rate monitoring: deceleration area is predictive of fetal acidemia},
  journal   = {American Journal of Obstetrics \& Gynecology},
  volume    = {218},
  number    = {5},
  year      = {2018}
}

@article{Cer23,
  author    = {Cersonsky, T.E.K. and others},
  title     = {Identifying risk of stillbirth using machine learning},
  journal   = {American Journal of Obstetrics \& Gynecology},
  volume    = {229},
  number    = {3},
  year      = {2023}
}

@article{Chu14,
  author    = {Chudáček, V. and others},
  title     = {Open access intrapartum CTG database},
  journal   = {BMC Pregnancy Childbirth},
  volume    = {14},
  number    = {1},
  year      = {2014}
}

@article{Cod70,
  author    = {Codd, E.F.},
  title     = {A relational model of data for large shared data banks},
  journal   = {Communications of the ACM},
  volume    = {13},
  number    = {6},
  year      = {1970},
  pages     = {377--387},
}

@article{Cor20,
  author    = {Corey, L. and Vezina, A. and Gala, R.B.},
  title     = {Using Technology to Improve Women's Health Care},
  journal   = {Ochsner Journal},
  volume    = {20},
  number    = {4},
  year      = {2020},
  pages     = {422--425}
}

@inproceedings{Ded16,
  author = {Dedić, N. and Stanier, C.},
  booktitle = {Proceedings of the 18th International Conference on Enterprise Information Systems (ICEIS 2016)},
  editor = {Hammoudi, S. and others},
  title = {An Evaluation of the Challenges of Multilingualism in Data Warehouse Development},
  year = {2016},
  volume = {1},
  pages = {196--206}
}

@article{McC16,
  author    = {McCullough, J.S. and Parente, S.T. and Town, R.},
  title     = {Health information technology and patient outcomes: the role of information and labor coordination},
  journal   = {The RAND Journal of Economics},
  volume    = {47},
  number    = {1},
  year      = {2016},
  pages     = {207--236}
}

@article{McC25,
  author    = {McCoy, J.A. and others},
  title     = {Intrapartum electronic fetal heart rate monitoring to predict acidemia at birth with the use of deep learning},
  journal   = {American Journal of Obstetrics \& Gynecology},
  volume    = {232},
  number    = {1},
  year      = {2025}
}

@book{Sil11,
  author    = {Silberschatz, A. and Korth, H.F. and Sudarshan, S.},
  title     = {Database System Concepts},
  year      = {2011},
  publisher = {McGraw-Hill}
}

@article{Sou05,
  author    = {Souka, A.P. and others},
  title     = {Increased nuchal translucency with normal karyotype},
  journal   = {American Journal of Obstetrics \& Gynecology},
  volume    = {192},
  number    = {4},
  year      = {2005},
  pages     = {1005--1021}
}

@manual{Pos25,
  author    = {{The PostgreSQL Global Development Group}},
  title     = {PostgreSQL 17.5 Documentation},
  year      = {2025},
  publisher = {{The PostgreSQL Global Development Group}}
}